<record><leader>00000cas a22000007a 4500</leader><controlfield tag="001">26576684</controlfield><controlfield tag="008">920911d1911191uokuwr ne      0    0eng d</controlfield><datafield ind1=" " ind2=" " tag="010"><subfield code="a">sn 93050462 </subfield></datafield><datafield ind1=" " ind2=" " tag="040"><subfield code="a">ANU</subfield><subfield code="b">eng</subfield><subfield code="c">ANU</subfield><subfield code="d">OBN</subfield><subfield code="d">OCLCQ</subfield><subfield code="d">OCLCF</subfield><subfield code="d">OCLCO</subfield></datafield><datafield ind1="1" ind2=" " tag="029"><subfield code="a">AU@</subfield><subfield code="b">000020713517</subfield></datafield><datafield ind1=" " ind2=" " tag="042"><subfield code="a">msc</subfield></datafield><datafield ind1=" " ind2=" " tag="043"><subfield code="a">n-us-ok</subfield></datafield><datafield ind1="0" ind2="0" tag="245"><subfield code="a">Tulsa County journal.</subfield></datafield><datafield ind1=" " ind2=" " tag="260"><subfield code="a">Broken Arrow, Okla. :</subfield><subfield code="b">Journal Pub. Co.</subfield></datafield><datafield ind1=" " ind2=" " tag="300"><subfield code="a">v.</subfield></datafield><datafield ind1=" " ind2=" " tag="310"><subfield code="a">Weekly</subfield></datafield><datafield ind1="0" ind2=" " tag="362"><subfield code="a">Vol. 1, no. 1 (Nov. 9, 1911)-v. 1, no. 5 (Dec. 7, 1911); v. 21, no. 39 (Dec. 14, 1911)-</subfield></datafield><datafield ind1=" " ind2=" " tag="588"><subfield code="a">Description based on: Vol. 23, no. 2 (Mar. 28, 1912).</subfield></datafield><datafield ind1=" " ind2="0" tag="651"><subfield code="a">Broken Arrow (Okla.)</subfield><subfield code="v">Newspapers.</subfield></datafield><datafield ind1=" " ind2="0" tag="651"><subfield code="a">Tulsa County (Okla.)</subfield><subfield code="v">Newspapers.</subfield></datafield><datafield ind1=" " ind2="7" tag="655"><subfield code="a">Newspapers.</subfield><subfield code="2">fast</subfield><subfield code="0">(OCoLC)fst01423814</subfield></datafield><datafield ind1=" " ind2="7" tag="651"><subfield code="a">Oklahoma</subfield><subfield code="z">Broken Arrow.</subfield><subfield code="2">fast</subfield><subfield code="0">(OCoLC)fst01236703</subfield></datafield><datafield ind1=" " ind2="7" tag="651"><subfield code="a">Oklahoma</subfield><subfield code="z">Tulsa County.</subfield><subfield code="2">fast</subfield><subfield code="0">(OCoLC)fst01220997</subfield></datafield><datafield ind1=" " ind2=" " tag="752"><subfield code="a">United States</subfield><subfield code="b">Oklahoma</subfield><subfield code="c">Tulsa</subfield><subfield code="d">Broken Arrow.</subfield></datafield><datafield ind1="0" ind2="5" tag="780"><subfield code="t">Citizen (Tulsa, Okla.)</subfield><subfield code="w">(DLC)sn 93050463</subfield><subfield code="w">(OCoLC)26576677</subfield></datafield><datafield ind1="0" ind2="0" tag="785"><subfield code="t">Tulsa County chief</subfield><subfield code="w">(DLC)sn 93050461</subfield><subfield code="w">(OCoLC)26576688</subfield></datafield></record>